<record><leader>00000cas a22000007a 4500</leader><controlfield tag="001">22425871</controlfield><controlfield tag="008">900924d19uu19uuwyu x ne      0    0eng d</controlfield><datafield ind1=" " ind2=" " tag="010"><subfield code="a">sn 90051715 </subfield></datafield><datafield ind1=" " ind2=" " tag="040"><subfield code="a">CNQ</subfield><subfield code="b">eng</subfield><subfield code="c">CNQ</subfield><subfield code="d">OCLCQ</subfield></datafield><datafield ind1=" " ind2=" " tag="042"><subfield code="a">msc</subfield></datafield><datafield ind1=" " ind2="4" tag="050"><subfield code="a">LH1.A4W9</subfield><subfield code="b">W9</subfield></datafield><datafield ind1="0" ind2=" " tag="130"><subfield code="a">Wrangler (Jackson's Hole, Wyo.)</subfield></datafield><datafield ind1="1" ind2="4" tag="245"><subfield code="a">The wrangler.</subfield></datafield><datafield ind1=" " ind2=" " tag="260"><subfield code="a">Jackson's Hole, Wyo. :</subfield><subfield code="b">Bar BC Ranch</subfield></datafield><datafield ind1=" " ind2=" " tag="300"><subfield code="a">v.</subfield></datafield><datafield ind1=" " ind2=" " tag="310"><subfield code="a">Irregular</subfield></datafield><datafield ind1=" " ind2=" " tag="588"><subfield code="a">Description based on: Vol. 2, no. 4 (Jan., 1937).</subfield></datafield><datafield ind1=" " ind2=" " tag="752"><subfield code="a">United States</subfield><subfield code="b">Wyoming</subfield><subfield code="c">Teton</subfield><subfield code="d">Jackson.</subfield></datafield><datafield ind1=" " ind2=" " tag="752"><subfield code="a">United States</subfield><subfield code="b">Wyoming</subfield><subfield code="c">Teton</subfield><subfield code="d">Jackson's Hole.</subfield></datafield></record>